@misc{dynamic-programming,
  author = {freeCodeCamp.org},
  title = {{Dynamic Programming - Learn to Solve Algorithmic Problems \& Coding Challenges}},
  howpublished = {https://www.youtube.com/watch?v=oBt53YbR9Kk},
  year = 2020,
  note = {Acessado em 28 de Novembro de 2021}
}

@misc{greedy-algorithm,
  author = {Alyssa Walker},
  title = {{Greedy Algorithm with Example: What is, Method and Approach}},
  howpublished = {https://www.guru99.com/greedy-algorithm.html},
  year = 2021,
  note = {Acessado em 28 de Novembro de 2021}
}

@misc{backtracking,
  author = {T\'{u}lio Toffolo and Marco A. Carvalho},
  title = {Backtracking},
  howpublished = {\url{http://www3.decom.ufop.br/toffolo/site_media/uploads/2011-1/bcc402/slides/10._backtracking.pdf}},
  year = {2021},
  note = {Acessado em 28 de Novembro de 2021}
}

@misc{branch-and-bound,
  author = {Subham Datta},
  title = {Branch and Bound Algorithm},
  howpublished = {https://www.baeldung.com/cs/branch-and-bound},
  year = {2020},
  note = {Acessado em 28 de Novembro de 2021}
}

@misc{divide-and-conquer,
  author = {Desconhecido},
  title = {Divide and Conquer Algorithm},
  howpublished = {https://www.programiz.com/dsa/divide-and-conquer},
  year = {2020},
  note = {Acessado em 28 de Novembro de 2021}
}

@misc{closest-pair-of-points,
  author = {Desconhecido},
  title = {Closest Pair of Points using Divide and Conquer algorithm},
  howpublished = {https://www.geeksforgeeks.org/closest-pair-of-points-using-divide-and-conquer-algorithm/?ref=lbp},
  year = {2021},
  note = {Acessado em 28 de Novembro de 2021}
}

@misc{knapsacker,
  author = {Hiroki Yoshioka},
  title = {Knapsacker (Python version)},
  howpublished = {https://github.com/irohiroki/knapsacker-py},
  year = {2018},
  note = {Acessado em 28 de Novembro de 2021}
}


